<record><leader>00000cas a22000007a 4500</leader><controlfield tag="001">17420116</controlfield><controlfield tag="008">880202d18351836ohuwr ne      0    0eng d</controlfield><datafield ind1=" " ind2=" " tag="010"><subfield code="a">sn 88077118 </subfield></datafield><datafield ind1=" " ind2=" " tag="040"><subfield code="a">ONP</subfield><subfield code="b">eng</subfield><subfield code="c">ONP</subfield><subfield code="d">OCLCQ</subfield></datafield><datafield ind1=" " ind2=" " tag="042"><subfield code="a">msc</subfield></datafield><datafield ind1="0" ind2="0" tag="245"><subfield code="a">Western courier and Piqua enquirer.</subfield></datafield><datafield ind1=" " ind2=" " tag="260"><subfield code="a">Piqua [Ohio] :</subfield><subfield code="b">Murray &amp; Espy,</subfield><subfield code="c">1835-1836.</subfield></datafield><datafield ind1=" " ind2=" " tag="310"><subfield code="a">Weekly</subfield></datafield><datafield ind1="0" ind2=" " tag="362"><subfield code="a">Vol. 1, no. 1 (Mar. 14, 1835)-v. 1, no. 52 (Mar. 12, 1836).</subfield></datafield><datafield ind1=" " ind2=" " tag="752"><subfield code="a">United States</subfield><subfield code="b">Ohio</subfield><subfield code="c">Miami</subfield><subfield code="d">Piqua.</subfield></datafield><datafield ind1="0" ind2="0" tag="780"><subfield code="t">Piqua gazette (Piqua, Ohio : 1833)</subfield><subfield code="w">(DLC)sn 88077117</subfield></datafield><datafield ind1="0" ind2="0" tag="785"><subfield code="t">Western courier and enquirer</subfield><subfield code="w">(DLC)sn 88077119</subfield></datafield></record>